@inproceedings{kundu2011realtime,
  title={Realtime multibody visual slam with a smoothly moving monocular camera},
  author={Kundu, Abhijit and Krishna, K Madhava and Jawahar, CV},
  booktitle={Computer Vision (ICCV), 2011 IEEE International Conference on},
  pages={2080--2087},
  year={2011},
  organization={IEEE}
}

@inproceedings{sturm2010vision,
  title={Vision-based detection for learning articulation models of cabinet doors and drawers in household environments},
  author={Sturm, J{\"u}rgen and Konolige, Kurt and Stachniss, Cyrill and Burgard, Wolfram},
  booktitle={Robotics and Automation (ICRA), 2010 IEEE International Conference on},
  pages={362--368},
  year={2010},
  organization={IEEE}
}

@inproceedings{katz2013interactive,
  title={Interactive segmentation, tracking, and kinematic modeling of unknown 3d articulated objects},
  author={Katz, Dov and Kazemi, Moslem and Bagnell, J Andrew and Stentz, Anthony},
  booktitle={Robotics and Automation (ICRA), 2013 IEEE International Conference on},
  pages={5003--5010},
  year={2013},
  organization={IEEE}
}

@inproceedings{katz2014interactive,
  title={Interactive perception of articulated objects},
  author={Katz, Dov and Orthey, Andreas and Brock, Oliver},
  booktitle={Experimental Robotics},
  pages={301--315},
  year={2014},
  organization={Springer}
}

@inproceedings{yan2006automatic,
  title={Automatic kinematic chain building from feature trajectories of articulated objects},
  author={Yan, Jingyu and Pollefeys, Marc},
  booktitle={Computer Vision and Pattern Recognition, 2006 IEEE Computer Society Conference on},
  volume={1},
  pages={712--719},
  year={2006},
  organization={IEEE}
}

@incollection{NIPS2008_3458,
title = {Model selection and velocity estimation using novel priors for motion patterns},
author = {Shuang Wu and Hongjing Lu and Yuille, Alan L},
booktitle = {Advances in Neural Information Processing Systems 21},
editor = {D. Koller and D. Schuurmans and Y. Bengio and L. Bottou},
pages = {1793--1800},
year = {2009},
publisher = {Curran Associates, Inc.},
url = {http://papers.nips.cc/paper/3458-model-selection-and-velocity-estimation-using-novel-priors-for-motion-patterns.pdf}
}

@article{bailey2006simultaneous,
  title={Simultaneous localization and mapping (SLAM): Part II},
  author={Bailey, Tim and Durrant-Whyte, Hugh},
  journal={IEEE Robotics \& Automation Magazine},
  volume={13},
  number={3},
  pages={108--117},
  year={2006}
}

@phdthesis{bailey2002mobile,
  title={Mobile robot localisation and mapping in extensive outdoor environments},
  author={Bailey, Tim},
  year={2002},
  school={Citeseer}
}

@article{yaakov2001estimation,
  title={Estimation with applications to tracking and navigation},
  author={Yaakov, Bar-Shalom and Li, XR and Thiagalingam, Kirubarajan},
  journal={New York: Johh Wiley and Sons},
  volume={245},
  year={2001}
}

@inproceedings{wang2003online,
  title={Online simultaneous localization and mapping with detection and tracking of moving objects: Theory and results from a ground vehicle in crowded urban areas},
  author={Wang, Chieh-Chih and Thorpe, Charles and Thrun, Sebastian},
  booktitle={Robotics and Automation, 2003. Proceedings. ICRA'03. IEEE International Conference on},
  volume={1},
  pages={842--849},
  year={2003},
  organization={IEEE}
}

@article{durrant2006simultaneous,
  title={Simultaneous localization and mapping: part I},
  author={Durrant-Whyte, Hugh and Bailey, Tim},
  journal={Robotics \& Automation Magazine, IEEE},
  volume={13},
  number={2},
  pages={99--110},
  year={2006},
  publisher={IEEE}
}

@inproceedings{martin2014online,
  title={Online interactive perception of articulated objects with multi-level recursive estimation based on task-specific priors},
  author={Martin Martin, Roberto and Brock, Oliver},
  booktitle={Intelligent Robots and Systems (IROS 2014), 2014 IEEE/RSJ International Conference on},
  pages={2494--2501},
  year={2014},
  organization={IEEE}
}

@inproceedings{sturm20103d,
  title={3d pose estimation, tracking and model learning of articulated objects from dense depth video using projected texture stereo},
  author={Sturm, J{\"u}rgen and Konolige, Kurt and Stachniss, Cyrill and Burgard, Wolfram},
  booktitle={Robotics: science and systems},
  volume={2010},
  year={2010}
}

@inproceedings{cifuentes2012motion,
  title={Motion models that only work sometimes},
  author={Cifuentes, Cristina Garc{\'\i}a and Sturzel, Marc and Jurie, Fr{\'e}d{\'e}ric and Brostow, Gabriel J},
  booktitle={British Machive Vision Conference},
  pages={12--pages},
  year={2012}
}

@inproceedings{huang2012occlusion,
  title={Occlusion-aware reconstruction and manipulation of 3D articulated objects},
  author={Huang, Xiaoxia and Walker, Ian and Birchfield, Stan},
  booktitle={Robotics and Automation (ICRA), 2012 IEEE International Conference on},
  pages={1365--1371},
  year={2012},
  organization={IEEE}
}
@INPROCEEDINGS{Pillai-RSS-14, 
    AUTHOR    = {Sudeep Pillai AND Matthew Walter AND Seth Teller}, 
    TITLE     = {Learning Articulated Motions From Visual Demonstration}, 
    BOOKTITLE = {Proceedings of Robotics: Science and Systems}, 
    YEAR      = {2014}, 
    ADDRESS   = {Berkeley, USA}, 
    MONTH     = {July} 
} 
  
@article{tomasi1992shape,
  title={Shape and motion from image streams under orthography: a factorization method},
  author={Tomasi, Carlo and Kanade, Takeo},
  journal={International Journal of Computer Vision},
  volume={9},
  number={2},
  pages={137--154},
  year={1992},
  publisher={Springer}
}

@book{ullman1979interpretation,
  title={The interpretation of visual motion.},
  author={Ullman, Shimon},
  year={1979},
  publisher={MIT Press}
}

@article{costeira1998multibody,
  title={A multibody factorization method for independently moving objects},
  author={Costeira, Jo{\~a}o Paulo and Kanade, Takeo},
  journal={International Journal of Computer Vision},
  volume={29},
  number={3},
  pages={159--179},
  year={1998},
  publisher={Springer}
}
