@incollection{NIPS2008_3458,
title = {Model selection and velocity estimation using novel priors for motion patterns},
author = {Shuang Wu and Hongjing Lu and Yuille, Alan L},
booktitle = {Advances in Neural Information Processing Systems 21},
editor = {D. Koller and D. Schuurmans and Y. Bengio and L. Bottou},
pages = {1793--1800},
year = {2009},
publisher = {Curran Associates, Inc.},
url = {http://papers.nips.cc/paper/3458-model-selection-and-velocity-estimation-using-novel-priors-for-motion-patterns.pdf}
}

@inproceedings{girshick2014rich,
  title={Rich feature hierarchies for accurate object detection and semantic segmentation},
  author={Girshick, Ross and Donahue, Jeff and Darrell, Trevor and Malik, Jagannath},
  booktitle={Computer Vision and Pattern Recognition (CVPR), 2014 IEEE Conference on},
  pages={580--587},
  year={2014},
  organization={IEEE}
}

@inproceedings{hausman2015active,
  title={Active Articulation Model Estimation through Interactive Perception},
  author={Hausman, Karol and Niekum, Scott and Osentoski, Sarah and Sukhatme, G},
  booktitle={submitted to) IEEE International Conference on Robotics and Automation (ICRA)},
  year={2015}
}

@incollection{katz2008extracting,
  title={Extracting planar kinematic models using interactive perception},
  author={Katz, Dov and Brock, Oliver},
  booktitle={Unifying Perspectives in Computational and Robot Vision},
  pages={11--23},
  year={2008},
  publisher={Springer}
}

@inproceedings{fiala2005comparing,
  title={Comparing artag and artoolkit plus fiducial marker systems},
  author={Fiala, Mark},
  booktitle={Haptic Audio Visual Environments and their Applications, 2005. IEEE International Workshop on},
  pages={6--pp},
  year={2005},
  organization={IEEE}
}

@article{sturm2011probabilistic,
  title={A probabilistic framework for learning kinematic models of articulated objects},
  author={Sturm, J{\"u}rgen and Stachniss, Cyrill and Burgard, Wolfram},
  journal={Journal of Artificial Intelligence Research},
  pages={477--526},
  year={2011}
}

@incollection{sturm2013learning,
  title={Learning kinematic models of articulated objects},
  author={Sturm, J{\"u}rgen},
  booktitle={Approaches to Probabilistic Model Learning for Mobile Manipulation Robots},
  pages={65--111},
  year={2013},
  publisher={Springer}
}

@inproceedings{gray2013single,
  title={A single planner for a composite task of approaching, opening and navigating through non-spring and spring-loaded doors},
  author={Gray, Steven and Chitta, Subhashini and Kumar, Vipin and Likhachev, Maxim},
  booktitle={Robotics and Automation (ICRA), 2013 IEEE International Conference on},
  pages={3839--3846},
  year={2013},
  organization={IEEE}
}

@inproceedings{krizhevsky2012imagenet,
  title={Imagenet classification with deep convolutional neural networks},
  author={Krizhevsky, Alex and Sutskever, Ilya and Hinton, Geoffrey E},
  booktitle={Advances in neural information processing systems},
  pages={1097--1105},
  year={2012}
}

@inproceedings{choi20123d,
  title={3D textureless object detection and tracking: An edge-based approach},
  author={Choi, Changhyun and Christensen, Henrik I},
  booktitle={Intelligent Robots and Systems (IROS), 2012 IEEE/RSJ International Conference on},
  pages={3877--3884},
  year={2012},
  organization={IEEE}
}

@inproceedings{yang2011articulated,
  title={Articulated pose estimation with flexible mixtures-of-parts},
  author={Yang, Yi and Ramanan, Deva},
  booktitle={Computer Vision and Pattern Recognition (CVPR), 2011 IEEE Conference on},
  pages={1385--1392},
  year={2011},
  organization={IEEE}
}

@inproceedings{endres2013learning,
  title={Learning the dynamics of doors for robotic manipulation},
  author={Endres, Felix and Trinkle, Jeff and Burgard, Wolfram},
  booktitle={Intelligent Robots and Systems (IROS), 2013 IEEE/RSJ International Conference on},
  pages={3543--3549},
  year={2013},
  organization={IEEE}
}

@article{castella1980adaptive,
  title={An adaptive two-dimensional Kalman tracking filter},
  author={Castella, Frank R},
  journal={Aerospace and Electronic Systems, IEEE Transactions on},
  number={6},
  pages={822--829},
  year={1980},
  publisher={IEEE}
}

@article{flash1985coordination,
  title={The coordination of arm movements: an experimentally confirmed mathematical model},
  author={Flash, Tamar and Hogan, Neville},
  journal={The journal of Neuroscience},
  volume={5},
  number={7},
  pages={1688--1703},
  year={1985},
  publisher={Soc Neuroscience}
}

@article{bailey2006simultaneous,
  title={Simultaneous localization and mapping (SLAM): Part II},
  author={Bailey, Tim and Durrant-Whyte, Hugh},
  journal={IEEE Robotics \& Automation Magazine},
  volume={13},
  number={3},
  pages={108--117},
  year={2006}
}

@phdthesis{bailey2002mobile,
  title={Mobile robot localisation and mapping in extensive outdoor environments},
  author={Bailey, Tim},
  year={2002},
  school={Citeseer}
}

@article{yaakov2001estimation,
  title={Estimation with applications to tracking and navigation},
  author={Yaakov, Bar-Shalom and Li, XR and Thiagalingam, Kirubarajan},
  journal={New York: Johh Wiley and Sons},
  volume={245},
  year={2001}
}

@inproceedings{wang2003online,
  title={Online simultaneous localization and mapping with detection and tracking of moving objects: Theory and results from a ground vehicle in crowded urban areas},
  author={Wang, Chieh-Chih and Thorpe, Charles and Thrun, Sebastian},
  booktitle={Robotics and Automation, 2003. Proceedings. ICRA'03. IEEE International Conference on},
  volume={1},
  pages={842--849},
  year={2003},
  organization={IEEE}
}

@article{durrant2006simultaneous,
  title={Simultaneous localization and mapping: part I},
  author={Durrant-Whyte, Hugh and Bailey, Tim},
  journal={Robotics \& Automation Magazine, IEEE},
  volume={13},
  number={2},
  pages={99--110},
  year={2006},
  publisher={IEEE}
}

@article{schunn2005evaluating,
  title={Evaluating goodness-of-fit in comparison of models to data},
  author={Schunn, Christian D and Wallach, Dieter},
  journal={Psychologie der Kognition: Reden and vortr{\"a}ge anl{\"a}sslich der emeritierung von Werner Tack},
  pages={115--154},
  year={2005},
  publisher={University of Saarland Press Saarbrueken}
}

@inproceedings{martin2014online,
  title={Online interactive perception of articulated objects with multi-level recursive estimation based on task-specific priors},
  author={Martin Martin, Roberto and Brock, Oliver},
  booktitle={Intelligent Robots and Systems (IROS 2014), 2014 IEEE/RSJ International Conference on},
  pages={2494--2501},
  year={2014},
  organization={IEEE}
}

@inproceedings{sturm20103d,
  title={3d pose estimation, tracking and model learning of articulated objects from dense depth video using projected texture stereo},
  author={Sturm, J{\"u}rgen and Konolige, Kurt and Stachniss, Cyrill and Burgard, Wolfram},
  booktitle={Robotics: science and systems},
  volume={2010},
  year={2010}
}

@inproceedings{huang2012occlusion,
  title={Occlusion-aware reconstruction and manipulation of 3D articulated objects},
  author={Huang, Xiaoxia and Walker, Ian and Birchfield, Stan},
  booktitle={Robotics and Automation (ICRA), 2012 IEEE International Conference on},
  pages={1365--1371},
  year={2012},
  organization={IEEE}
}
@INPROCEEDINGS{Pillai-RSS-14, 
    AUTHOR    = {Sudeep Pillai AND Matthew Walter AND Seth Teller}, 
    TITLE     = {Learning Articulated Motions From Visual Demonstration}, 
    BOOKTITLE = {Proceedings of Robotics: Science and Systems}, 
    YEAR      = {2014}, 
    ADDRESS   = {Berkeley, USA}, 
    MONTH     = {July} 
} 
  
@INPROCEEDINGS{yan2006automatic,
author={Jingyu Yan and Pollefeys, M.},
booktitle={Computer Vision and Pattern Recognition, 2006 IEEE Computer Society Conference on},
title={Automatic Kinematic Chain Building from Feature Trajectories of Articulated Objects},
year={2006},
month={June},
volume={1},
pages={712-719},
keywords={Automatic testing;Buildings;Clustering algorithms;Computer science;Kinematics;Layout;Sampling methods;Shape;Tracking;Tree graphs},
doi={10.1109/CVPR.2006.66},
ISSN={1063-6919},}

@inproceedings{katz2013interactive,
   author = "Dov Katz and Moslem Kazemi and J. Andrew (Drew) Bagnell and Anthony (Tony) Stentz",
   title = "Interactive Segmentation, Tracking, and Kinematic Modeling of Unknown 3D Articulated Objects",
   booktitle = "Proceedings of IEEE International Conference on Robotics and Automation",
   month = "May",
   year = "2013",
} 

@article{tomasi1992shape,
  title={Shape and motion from image streams under orthography: a factorization method},
  author={Tomasi, Carlo and Kanade, Takeo},
  journal={International Journal of Computer Vision},
  volume={9},
  number={2},
  pages={137--154},
  year={1992},
  publisher={Springer}
}

@book{ullman1979interpretation,
  title={The interpretation of visual motion.},
  author={Ullman, Shimon},
  year={1979},
  publisher={MIT Press}
}

@article{costeira1998multibody,
  title={A multibody factorization method for independently moving objects},
  author={Costeira, Jo{\~a}o Paulo and Kanade, Takeo},
  journal={International Journal of Computer Vision},
  volume={29},
  number={3},
  pages={159--179},
  year={1998},
  publisher={Springer}
}

@book{thrun2005probabilistic,
  title={Probabilistic robotics},
  author={Thrun, Sebastian and Burgard, Wolfram and Fox, Dieter},
  year={2005},
  publisher={MIT press}
}
